@ARTICLE{cygnusx1,
       author = {{Miller-Jones}, James C. A. and {Bahramian}, Arash and {Orosz}, Jerome A. and {Mandel}, Ilya and {Gou}, Lijun and {Maccarone}, Thomas J. and {Neijssel}, Coenraad J. and {Zhao}, Xueshan and {Zi{\'o}{\l}kowski}, Janusz and {Reid}, Mark J. and {Uttley}, Phil and {Zheng}, Xueying and {Byun}, Do-Young and {Dodson}, Richard and {Grinberg}, Victoria and {Jung}, Taehyun and {Kim}, Jeong-Sook and {Marcote}, Benito and {Markoff}, Sera and {Rioja}, Maria J. and {Rushton}, Anthony P. and {Russell}, David M. and {Sivakoff}, Gregory R. and {Tetarenko}, Alexandra J. and {Tudose}, Valeriu and {Wilms}, Joern},
        title = "{Cygnus X-1 contains a 21-solar mass black hole{\textemdash}Implications for massive star winds}",
      journal = {Science},
     keywords = {ASTRONOMY, Astrophysics - High Energy Astrophysical Phenomena},
         year = 2021,
        month = mar,
       volume = {371},
       number = {6533},
        pages = {1046-1049},
          doi = {10.1126/science.abb3363},
archivePrefix = {arXiv},
       eprint = {2102.09091},
 primaryClass = {astro-ph.HE},
       adsurl = {https://ui.adsabs.harvard.edu/abs/2021Sci...371.1046M},
      adsnote = {Provided by the SAO/NASA Astrophysics Data System}
}


@ARTICLE{observations,
       author = {{Esposito}, P. and {Israel}, G. L. and {Milisavljevic}, D. and {Mapelli}, M. and {Zampieri}, L. and {Sidoli}, L. and {Fabbiano}, G. and {Rodr{\'\i}guez Castillo}, G. A.},
        title = "{Periodic signals from the Circinus region: two new cataclysmic variables and the ultraluminous X-ray source candidate GC X-1}",
      journal = {\mnras},
     keywords = {novae, cataclysmic variables, galaxies: individual: Circinus, X-rays: binaries, X-rays: individual: CG X-1 (CXOU J141312.3-652013), X-rays: individual: CXOU J141332.9-651756, X-rays: individual: CXO J141430.1-651621, Astrophysics - High Energy Astrophysical Phenomena},
         year = 2015,
        month = sep,
       volume = {452},
       number = {2},
        pages = {1112-1127},
          doi = {10.1093/mnras/stv1379},
archivePrefix = {arXiv},
       eprint = {1506.05808},
 primaryClass = {astro-ph.HE},
       adsurl = {https://ui.adsabs.harvard.edu/abs/2015MNRAS.452.1112E},
      adsnote = {Provided by the SAO/NASA Astrophysics Data System}
}


@ARTICLE{spera2017_pisnSNe,
       author = {{Spera}, Mario and {Mapelli}, Michela},
        title = "{Very massive stars, pair-instability supernovae and intermediate-mass black holes with the sevn code}",
      journal = {\mnras},
     keywords = {black hole physics, gravitational waves, methods: numerical, stars: mass-loss, supernovae: general, Astrophysics - Solar and Stellar Astrophysics, Astrophysics - High Energy Astrophysical Phenomena},
         year = 2017,
        month = oct,
       volume = {470},
       number = {4},
        pages = {4739-4749},
          doi = {10.1093/mnras/stx1576},
archivePrefix = {arXiv},
       eprint = {1706.06109},
 primaryClass = {astro-ph.SR},
       adsurl = {https://ui.adsabs.harvard.edu/abs/2017MNRAS.470.4739S},
      adsnote = {Provided by the SAO/NASA Astrophysics Data System}
}

@ARTICLE{spera2015_SNeFryer,
       author = {{Spera}, Mario and {Mapelli}, Michela and {Bressan}, Alessandro},
        title = "{The mass spectrum of compact remnants from the PARSEC stellar evolution tracks}",
      journal = {\mnras},
     keywords = {black hole physics, methods: numerical, stars: evolution, stars: mass-loss, stars: neutron, Astrophysics - Solar and Stellar Astrophysics},
         year = 2015,
        month = aug,
       volume = {451},
       number = {4},
        pages = {4086-4103},
          doi = {10.1093/mnras/stv1161},
archivePrefix = {arXiv},
       eprint = {1505.05201},
 primaryClass = {astro-ph.SR},
       adsurl = {https://ui.adsabs.harvard.edu/abs/2015MNRAS.451.4086S},
      adsnote = {Provided by the SAO/NASA Astrophysics Data System}
}

@ARTICLE{Fryer2012,
       author = {{Fryer}, Chris L. and {Belczynski}, Krzysztof and {Wiktorowicz}, Grzegorz and {Dominik}, Michal and {Kalogera}, Vicky and {Holz}, Daniel E.},
        title = "{Compact Remnant Mass Function: Dependence on the Explosion Mechanism and Metallicity}",
      journal = {\apj},
     keywords = {black hole physics, stars: neutron, supernovae: general, Astrophysics - Solar and Stellar Astrophysics, Astrophysics - High Energy Astrophysical Phenomena},
         year = 2012,
        month = apr,
       volume = {749},
       number = {1},
          eid = {91},
        pages = {91},
          doi = {10.1088/0004-637X/749/1/91},
archivePrefix = {arXiv},
       eprint = {1110.1726},
 primaryClass = {astro-ph.SR},
       adsurl = {https://ui.adsabs.harvard.edu/abs/2012ApJ...749...91F},
      adsnote = {Provided by the SAO/NASA Astrophysics Data System}
}

@ARTICLE{giacobbomapelli2018_mobse_fryer,
       author = {{Giacobbo}, Nicola and {Mapelli}, Michela},
        title = "{The progenitors of compact-object binaries: impact of metallicity, common envelope and natal kicks}",
      journal = {\mnras},
     keywords = {gravitational waves, methods: numerical, binaries: general, stars: mass-loss, stars: neutron, Astrophysics - High Energy Astrophysical Phenomena, Astrophysics - Solar and Stellar Astrophysics},
         year = 2018,
        month = oct,
       volume = {480},
       number = {2},
        pages = {2011-2030},
          doi = {10.1093/mnras/sty1999},
archivePrefix = {arXiv},
       eprint = {1806.00001},
 primaryClass = {astro-ph.HE},
       adsurl = {https://ui.adsabs.harvard.edu/abs/2018MNRAS.480.2011G},
      adsnote = {Provided by the SAO/NASA Astrophysics Data System}
}


@ARTICLE{spera2019_mergingBBH,
       author = {{Spera}, Mario and {Mapelli}, Michela and {Giacobbo}, Nicola and {Trani}, Alessandro A. and {Bressan}, Alessandro and {Costa}, Guglielmo},
        title = "{Merging black hole binaries with the SEVN code}",
      journal = {\mnras},
     keywords = {black hole physics, gravitational waves, methods: numerical, binaries: general, stars: mass-loss, Astrophysics - High Energy Astrophysical Phenomena, Astrophysics - Instrumentation and Methods for Astrophysics, Astrophysics - Solar and Stellar Astrophysics},
         year = 2019,
        month = may,
       volume = {485},
       number = {1},
        pages = {889-907},
          doi = {10.1093/mnras/stz359},
archivePrefix = {arXiv},
       eprint = {1809.04605},
 primaryClass = {astro-ph.HE},
       adsurl = {https://ui.adsabs.harvard.edu/abs/2019MNRAS.485..889S},
      adsnote = {Provided by the SAO/NASA Astrophysics Data System}
}

@ARTICLE{mapelli2020_compactness,
       author = {{Mapelli}, Michela and {Spera}, Mario and {Montanari}, Enrico and {Limongi}, Marco and {Chieffi}, Alessandro and {Giacobbo}, Nicola and {Bressan}, Alessandro and {Bouffanais}, Yann},
        title = "{Impact of the Rotation and Compactness of Progenitors on the Mass of Black Holes}",
      journal = {\apj},
     keywords = {Astrophysical black holes, Stellar mass black holes, Stellar mass loss, Computational methods, Gravitational wave astronomy, Massive stars, 98, 1611, 1613, 1965, 675, 732, Astrophysics - High Energy Astrophysical Phenomena, Astrophysics - Solar and Stellar Astrophysics},
         year = 2020,
        month = jan,
       volume = {888},
       number = {2},
          eid = {76},
        pages = {76},
          doi = {10.3847/1538-4357/ab584d},
archivePrefix = {arXiv},
       eprint = {1909.01371},
 primaryClass = {astro-ph.HE},
       adsurl = {https://ui.adsabs.harvard.edu/abs/2020ApJ...888...76M},
      adsnote = {Provided by the SAO/NASA Astrophysics Data System}
}

@ARTICLE{COcollapse,
       author = {{Patton}, Rachel A. and {Sukhbold}, Tuguldur},
        title = "{Towards a realistic explosion landscape for binary population synthesis}",
      journal = {\mnras},
     keywords = {stars: evolution, stars: massive, supernovae: general, Astrophysics - Solar and Stellar Astrophysics, Astrophysics - High Energy Astrophysical Phenomena},
         year = 2020,
        month = dec,
       volume = {499},
       number = {2},
        pages = {2803-2816},
          doi = {10.1093/mnras/staa3029},
archivePrefix = {arXiv},
       eprint = {2005.03055},
 primaryClass = {astro-ph.SR},
       adsurl = {https://ui.adsabs.harvard.edu/abs/2020MNRAS.499.2803P},
      adsnote = {Provided by the SAO/NASA Astrophysics Data System}
}

@ARTICLE{Oconnor2011_compactness,
       author = {{O'Connor}, Evan and {Ott}, Christian D.},
        title = "{Black Hole Formation in Failing Core-Collapse Supernovae}",
      journal = {\apj},
     keywords = {black hole physics, equation of state, hydrodynamics, neutrinos, stars: evolution, stars: mass-loss, stars: neutron, supernovae: general, Astrophysics - High Energy Astrophysical Phenomena, Astrophysics - Solar and Stellar Astrophysics, General Relativity and Quantum Cosmology},
         year = 2011,
        month = apr,
       volume = {730},
       number = {2},
          eid = {70},
        pages = {70},
          doi = {10.1088/0004-637X/730/2/70},
archivePrefix = {arXiv},
       eprint = {1010.5550},
 primaryClass = {astro-ph.HE},
       adsurl = {https://ui.adsabs.harvard.edu/abs/2011ApJ...730...70O},
      adsnote = {Provided by the SAO/NASA Astrophysics Data System}
}

@ARTICLE{parsec2012,
       author = {{Bressan}, Alessandro and {Marigo}, Paola and {Girardi}, L{\'e}o. and {Salasnich}, Bernardo and {Dal Cero}, Claudia and {Rubele}, Stefano and {Nanni}, Ambra},
        title = "{PARSEC: stellar tracks and isochrones with the PAdova and TRieste Stellar Evolution Code}",
      journal = {\mnras},
     keywords = {stars: evolution, Hertzsprung{\ensuremath{-}}Russell and colour magnitude diagrams, stars: interiors, stars: low-mass, Astrophysics - Solar and Stellar Astrophysics},
         year = 2012,
        month = nov,
       volume = {427},
       number = {1},
        pages = {127-145},
          doi = {10.1111/j.1365-2966.2012.21948.x},
archivePrefix = {arXiv},
       eprint = {1208.4498},
 primaryClass = {astro-ph.SR},
       adsurl = {https://ui.adsabs.harvard.edu/abs/2012MNRAS.427..127B},
      adsnote = {Provided by the SAO/NASA Astrophysics Data System}
}

@ARTICLE{Sukhbold2014_COevolution,
       author = {{Sukhbold}, Tuguldur and {Woosley}, S. E.},
        title = "{The Compactness of Presupernova Stellar Cores}",
      journal = {\apj},
     keywords = {convection, nuclear reactions, nucleosynthesis, abundances, stars: evolution, stars: interiors, stars: neutron, supernovae: general, Astrophysics - Solar and Stellar Astrophysics, Astrophysics - High Energy Astrophysical Phenomena},
         year = 2014,
        month = mar,
       volume = {783},
       number = {1},
          eid = {10},
        pages = {10},
          doi = {10.1088/0004-637X/783/1/10},
archivePrefix = {arXiv},
       eprint = {1311.6546},
 primaryClass = {astro-ph.SR},
       adsurl = {https://ui.adsabs.harvard.edu/abs/2014ApJ...783...10S},
      adsnote = {Provided by the SAO/NASA Astrophysics Data System}
}

@ARTICLE{Sukhbold2016_stellarevo,
       author = {{Sukhbold}, Tuguldur and {Ertl}, T. and {Woosley}, S. E. and {Brown}, Justin M. and {Janka}, H. -T.},
        title = "{Core-collapse Supernovae from 9 to 120 Solar Masses Based on Neutrino-powered Explosions}",
      journal = {\apj},
     keywords = {nuclear reactions, nucleosynthesis, abundances, stars: black holes, stars: massive, stars: neutron, supernovae: general, Astrophysics - High Energy Astrophysical Phenomena, Astrophysics - Solar and Stellar Astrophysics},
         year = 2016,
        month = apr,
       volume = {821},
       number = {1},
          eid = {38},
        pages = {38},
          doi = {10.3847/0004-637X/821/1/38},
archivePrefix = {arXiv},
       eprint = {1510.04643},
 primaryClass = {astro-ph.HE},
       adsurl = {https://ui.adsabs.harvard.edu/abs/2016ApJ...821...38S},
      adsnote = {Provided by the SAO/NASA Astrophysics Data System}
}


@ARTICLE{Spera2015_remnantspectrum,
       author = {{Spera}, Mario and {Mapelli}, Michela and {Bressan}, Alessandro},
        title = "{The mass spectrum of compact remnants from the PARSEC stellar evolution tracks}",
      journal = {\mnras},
     keywords = {black hole physics, methods: numerical, stars: evolution, stars: mass-loss, stars: neutron, Astrophysics - Solar and Stellar Astrophysics},
         year = 2015,
        month = aug,
       volume = {451},
       number = {4},
        pages = {4086-4103},
          doi = {10.1093/mnras/stv1161},
archivePrefix = {arXiv},
       eprint = {1505.05201},
 primaryClass = {astro-ph.SR},
       adsurl = {https://ui.adsabs.harvard.edu/abs/2015MNRAS.451.4086S},
      adsnote = {Provided by the SAO/NASA Astrophysics Data System}
}


@article{HMXBH_spins2021,
  title={Apples and Oranges: Comparing black holes in X-ray binaries and gravitational-wave sources},
  author={Fishbach, Maya and Kalogera, Vicky},
  journal={The Astrophysical Journal Letters},
  volume={929},
  number={2},
  pages={L26},
  year={2022},
  publisher={IOP Publishing}
}




@ARTICLE{Giacobbo2018spectrum,
       author = {{Giacobbo}, Nicola and {Mapelli}, Michela and {Spera}, Mario},
        title = "{Merging black hole binaries: the effects of progenitor's metallicity, mass-loss rate and Eddington factor}",
      journal = {\mnras},
     keywords = {black hole physics, gravitational waves, methods: numerical, binaries: general, stars: black holes, stars: mass-loss, Astrophysics - Solar and Stellar Astrophysics, Astrophysics - Astrophysics of Galaxies, Astrophysics - High Energy Astrophysical Phenomena},
         year = 2018,
        month = mar,
       volume = {474},
       number = {3},
        pages = {2959-2974},
          doi = {10.1093/mnras/stx2933},
archivePrefix = {arXiv},
       eprint = {1711.03556},
 primaryClass = {astro-ph.SR},
       adsurl = {https://ui.adsabs.harvard.edu/abs/2018MNRAS.474.2959G},
      adsnote = {Provided by the SAO/NASA Astrophysics Data System}
}

@ARTICLE{Abbot2021spectrumGW,
       author = {{Abbott}, R. and {Abbott}, T. D. and {Abraham}, S. and {et al.}},
        title = "{Population Properties of Compact Objects from the Second LIGO-Virgo Gravitational-Wave Transient Catalog}",
      journal = {\apjl},
     keywords = {Gravitational waves, Astrophysical black holes, Stellar mass black holes, Massive stars, Compact objects, Bayesian statistics, 678, 98, 1611, 732, 288, 1900, Astrophysics - High Energy Astrophysical Phenomena, General Relativity and Quantum Cosmology},
         year = 2021,
        month = may,
       volume = {913},
       number = {1},
          eid = {L7},
        pages = {L7},
          doi = {10.3847/2041-8213/abe949},
archivePrefix = {arXiv},
       eprint = {2010.14533},
 primaryClass = {astro-ph.HE},
       adsurl = {https://ui.adsabs.harvard.edu/abs/2021ApJ...913L...7A},
      adsnote = {Provided by the SAO/NASA Astrophysics Data System}
}

@ARTICLE{Abbott2016firstGW,
       author = {{Abbott}, B. P. and {Abbott}, R. and {Abbott}, T. D. and {et al.}},
        title = "{Observation of Gravitational Waves from a Binary Black Hole Merger}",
      journal = {\prl},
     keywords = {General Relativity and Quantum Cosmology, Astrophysics - High Energy Astrophysical Phenomena},
         year = 2016,
        month = feb,
       volume = {116},
       number = {6},
          eid = {061102},
        pages = {061102},
          doi = {10.1103/PhysRevLett.116.061102},
archivePrefix = {arXiv},
       eprint = {1602.03837},
 primaryClass = {gr-qc},
       adsurl = {https://ui.adsabs.harvard.edu/abs/2016PhRvL.116f1102A},
      adsnote = {Provided by the SAO/NASA Astrophysics Data System}
}



@ARTICLE{GWTC-3,
       author = {{The LIGO Scientific Collaboration} and {et al.}},
        title = "{GWTC-3: Compact Binary Coalescences Observed by LIGO and Virgo During the Second Part of the Third Observing Run}",
      journal = {arXiv e-prints},
     keywords = {General Relativity and Quantum Cosmology, Astrophysics - High Energy Astrophysical Phenomena},
         year = 2021,
        month = nov,
        pages = {arXiv:2111.03606},
archivePrefix = {arXiv},
       eprint = {2111.03606},
 primaryClass = {gr-qc},
       adsurl = {https://ui.adsabs.harvard.edu/abs/2021arXiv211103606T},
      adsnote = {Provided by the SAO/NASA Astrophysics Data System}
}


@ARTICLE{GW190814,
       author = {{Abbott}, R. and {Abbott}, T. D. and {Abraham}, S. and {et al.}.},
        title = "{GW190814: Gravitational Waves from the Coalescence of a 23 Solar Mass Black Hole with a 2.6 Solar Mass Compact Object}",
      journal = {\apjl},
     keywords = {675, 677, 98, 283, 678, 676, Astrophysics - High Energy Astrophysical Phenomena, General Relativity and Quantum Cosmology},
         year = 2020,
        month = jun,
       volume = {896},
       number = {2},
          eid = {L44},
        pages = {L44},
          doi = {10.3847/2041-8213/ab960f},
archivePrefix = {arXiv},
       eprint = {2006.12611},
 primaryClass = {astro-ph.HE},
       adsurl = {https://ui.adsabs.harvard.edu/abs/2020ApJ...896L..44A},
      adsnote = {Provided by the SAO/NASA Astrophysics Data System}
}


@ARTICLE{Kalogera2000_spinaligned,
       author = {{Kalogera}, Vassiliki},
        title = "{Spin-Orbit Misalignment in Close Binaries with Two Compact Objects}",
      journal = {\apj},
     keywords = {Stars: Binaries: Close, Gravitation, Relativity, Stars: Supernovae: General, Astrophysics, General Relativity and Quantum Cosmology},
         year = 2000,
        month = sep,
       volume = {541},
       number = {1},
        pages = {319-328},
          doi = {10.1086/309400},
archivePrefix = {arXiv},
       eprint = {astro-ph/9911417},
 primaryClass = {astro-ph},
       adsurl = {https://ui.adsabs.harvard.edu/abs/2000ApJ...541..319K},
      adsnote = {Provided by the SAO/NASA Astrophysics Data System}
}

@ARTICLE{Rastello2021_dynamics,
       author = {{Rastello}, Sara and {Mapelli}, Michela and {Di Carlo}, Ugo N. and {Iorio}, Giuliano and {Ballone}, Alessandro and {Giacobbo}, Nicola and {Santoliquido}, Filippo and {Torniamenti}, Stefano},
        title = "{Dynamics of binary black holes in low-mass young star clusters}",
      journal = {\mnras},
     keywords = {black hole physics, gravitational waves, stars: kinematics and dynamics, Galaxy: open clusters and associations: general, Astrophysics - Astrophysics of Galaxies, Astrophysics - High Energy Astrophysical Phenomena, Astrophysics - Solar and Stellar Astrophysics},
         year = 2021,
        month = nov,
       volume = {507},
       number = {3},
        pages = {3612-3625},
          doi = {10.1093/mnras/stab2355},
archivePrefix = {arXiv},
       eprint = {2105.01669},
 primaryClass = {astro-ph.GA},
       adsurl = {https://ui.adsabs.harvard.edu/abs/2021MNRAS.507.3612R},
      adsnote = {Provided by the SAO/NASA Astrophysics Data System}
}

@ARTICLE{Rodriguez2016_BHspins,
       author = {{Rodriguez}, Carl L. and {Zevin}, Michael and {Pankow}, Chris and {Kalogera}, Vasilliki and {Rasio}, Frederic A.},
        title = "{Illuminating Black Hole Binary Formation Channels with Spins in Advanced LIGO}",
      journal = {\apjl},
     keywords = {binaries: general, gravitational waves, stars: black holes, supernovae: general, Astrophysics - High Energy Astrophysical Phenomena},
         year = 2016,
        month = nov,
       volume = {832},
       number = {1},
          eid = {L2},
        pages = {L2},
          doi = {10.3847/2041-8205/832/1/L2},
archivePrefix = {arXiv},
       eprint = {1609.05916},
 primaryClass = {astro-ph.HE},
       adsurl = {https://ui.adsabs.harvard.edu/abs/2016ApJ...832L...2R},
      adsnote = {Provided by the SAO/NASA Astrophysics Data System}
}

@ARTICLE{Belczynski2012_HMXBHfate,
       author = {{Belczynski}, Krzysztof and {Bulik}, Tomasz and {Fryer}, Chris L.},
        title = "{High Mass X-ray Binaries: Future Evolution and Fate}",
      journal = {arXiv e-prints},
     keywords = {Astrophysics - High Energy Astrophysical Phenomena, Astrophysics - Galaxy Astrophysics},
         year = 2012,
        month = aug,
          eid = {arXiv:1208.2422},
        pages = {arXiv:1208.2422},
archivePrefix = {arXiv},
       eprint = {1208.2422},
 primaryClass = {astro-ph.HE},
       adsurl = {https://ui.adsabs.harvard.edu/abs/2012arXiv1208.2422B},
      adsnote = {Provided by the SAO/NASA Astrophysics Data System}
}

@ARTICLE{GaiaDR2microlensing,
       author = {{Wyrzykowski}, {\L}ukasz and {Mandel}, Ilya},
        title = "{Constraining the masses of microlensing black holes and the mass gap with Gaia DR2}",
      journal = {\aap},
     keywords = {gravitational lensing: micro, Galaxy: stellar content, stars: neutron, stars: black holes, Astrophysics - Solar and Stellar Astrophysics},
         year = 2020,
        month = apr,
       volume = {636},
          eid = {A20},
        pages = {A20},
          doi = {10.1051/0004-6361/201935842},
archivePrefix = {arXiv},
       eprint = {1904.07789},
 primaryClass = {astro-ph.SR},
       adsurl = {https://ui.adsabs.harvard.edu/abs/2020A&A...636A..20W},
      adsnote = {Provided by the SAO/NASA Astrophysics Data System}
}

@article{BHradialvelocity,
author = {Todd A. Thompson  and Christopher S. Kochanek  and Krzysztof Z. Stanek  and Carles Badenes  and Richard S. Post  and Tharindu Jayasinghe  and David W. Latham  and Allyson Bieryla  and Gilbert A. Esquerdo  and Perry Berlind  and Michael L. Calkins  and Jamie Tayar  and Lennart Lindegren  and Jennifer A. Johnson  and Thomas W.-S. Holoien  and Katie Auchettl  and Kevin Covey },
title = {A noninteracting low-mass black hole-giant star binary system},
journal = {Science},
volume = {366},
number = {6465},
pages = {637-640},
year = {2019},
doi = {10.1126/science.aau4005},

URL = {https://www.science.org/doi/abs/10.1126/science.aau4005},
eprint = {https://www.science.org/doi/pdf/10.1126/science.aau4005},
}

@INPROCEEDINGS{Limongi2010_preSNevo,
       author = {{Limongi}, Marco and {Chieffi}, Alessandro},
        title = "{Presupernova evolution and explosion of massive stars}",
    booktitle = {Journal of Physics Conference Series},
         year = 2010,
       series = {Journal of Physics Conference Series},
       volume = {202},
        month = jan,
          eid = {012002},
        pages = {012002},
          doi = {10.1088/1742-6596/202/1/012002},
       adsurl = {https://ui.adsabs.harvard.edu/abs/2010JPhCS.202a2002L},
      adsnote = {Provided by the SAO/NASA Astrophysics Data System}
}

@INBOOK{Limongi2017_handbookSN,
       author = {{Limongi}, Marco},
        title = "{Supernovae from Massive Stars}",
     keywords = {Physics, Astrophysics - Solar and Stellar Astrophysics},
    booktitle = {Handbook of Supernovae},
         year = 2017,
       editor = {{Alsabti}, Athem W. and {Murdin}, Paul},
        pages = {513},
          doi = {10.1007/978-3-319-21846-5\_119},
       adsurl = {https://ui.adsabs.harvard.edu/abs/2017hsn..book..513L},
      adsnote = {Provided by the SAO/NASA Astrophysics Data System}
}

@ARTICLE{parsec2015_chen,
       author = {{Chen}, Yang and {Bressan}, Alessandro and {Girardi}, L{\'e}o and {Marigo}, Paola and {Kong}, Xu and {Lanza}, Antonio},
        title = "{PARSEC evolutionary tracks of massive stars up to 350 M$_{{\ensuremath{\odot}}}$ at metallicities 0.0001 {\ensuremath{\leq}} Z {\ensuremath{\leq}} 0.04}",
      journal = {\mnras},
     keywords = {stars: evolution, Hertzsprung-Russell and colour-magnitude diagrams, stars: massive, stars: mass-loss, supergiants, stars: Wolf-Rayet, Astrophysics - Solar and Stellar Astrophysics},
         year = 2015,
        month = sep,
       volume = {452},
       number = {1},
        pages = {1068-1080},
          doi = {10.1093/mnras/stv1281},
archivePrefix = {arXiv},
       eprint = {1506.01681},
 primaryClass = {astro-ph.SR},
       adsurl = {https://ui.adsabs.harvard.edu/abs/2015MNRAS.452.1068C},
      adsnote = {Provided by the SAO/NASA Astrophysics Data System}
}

@ARTICLE{G&H_WRmassloss,
       author = {{Gr{\"a}fener}, G. and {Hamann}, W. -R.},
        title = "{Mass loss from late-type WN stars and its Z-dependence. Very massive stars approaching the Eddington limit}",
      journal = {\aap},
     keywords = {stars: Wolf-Rayet, stars: early-type, stars: atmospheres, stars: mass-loss, stars: winds, outflows, stars: individual: WR 22, Astrophysics},
         year = 2008,
        month = may,
       volume = {482},
       number = {3},
        pages = {945-960},
          doi = {10.1051/0004-6361:20066176},
archivePrefix = {arXiv},
       eprint = {0803.0866},
 primaryClass = {astro-ph},
       adsurl = {https://ui.adsabs.harvard.edu/abs/2008A&A...482..945G},
      adsnote = {Provided by the SAO/NASA Astrophysics Data System}
}

@ARTICLE{S&S1973_accretiondisk,
       author = {{Shakura}, N. I. and {Sunyaev}, R. A.},
        title = "{Black holes in binary systems. Observational appearance.}",
      journal = {\aap},
         year = 1973,
        month = jun,
       volume = {500},
        pages = {33-51},
       adsurl = {https://ui.adsabs.harvard.edu/abs/1973A&A....24..337S},
      adsnote = {Provided by the SAO/NASA Astrophysics Data System}
}


@ARTICLE{GWTC-2,
       author = {{Abbott}, R. and {Abbott}, T. D. and {et al.}},
        title = "{GWTC-2: Compact Binary Coalescences Observed by LIGO and Virgo during the First Half of the Third Observing Run}",
      journal = {Physical Review X},
     keywords = {General Relativity and Quantum Cosmology, Astrophysics - High Energy Astrophysical Phenomena},
         year = 2021,
        month = apr,
       volume = {11},
       number = {2},
          eid = {021053},
        pages = {021053},
          doi = {10.1103/PhysRevX.11.021053},
archivePrefix = {arXiv},
       eprint = {2010.14527},
 primaryClass = {gr-qc},
       adsurl = {https://ui.adsabs.harvard.edu/abs/2021PhRvX..11b1053A},
      adsnote = {Provided by the SAO/NASA Astrophysics Data System}
}

@ARTICLE{Hirai2021_WR80perc_wind,
       author = {{Hirai}, Ryosuke and {Mandel}, Ilya},
        title = "{Conditions for accretion disc formation and observability of wind-accreting X-ray binaries}",
      journal = {\pasa},
     keywords = {accretion, accretion discs, stars: winds, outflows, X-rays: binaries, Astrophysics - High Energy Astrophysical Phenomena, Astrophysics - Solar and Stellar Astrophysics},
         year = 2021,
        month = nov,
       volume = {38},
          eid = {e056},
        pages = {e056},
          doi = {10.1017/pasa.2021.53},
archivePrefix = {arXiv},
       eprint = {2108.03774},
 primaryClass = {astro-ph.HE},
       adsurl = {https://ui.adsabs.harvard.edu/abs/2021PASA...38...56H},
      adsnote = {Provided by the SAO/NASA Astrophysics Data System}
}

@article{Swartz2011_ULX,
	doi = {10.1088/0004-637x/741/1/49},
	url = {https://doi.org/10.1088/0004-637x/741/1/49},
	year = 2011,
	month = {oct},
	publisher = {American Astronomical Society},
	volume = {741},
	number = {1},
	pages = {49},
	author = {Douglas A. Swartz and Roberto Soria and Allyn F. Tennant and Mihoko Yukita},
	title = {A COMPLETE SAMPLE OF ULTRALUMINOUS X-RAY SOURCE HOST GALAXIES},
	journal = {The Astrophysical Journal}
}

@article{Ertl2016,
    author = "Ertl, T. and Janka, H. -Th. and Woosley, S. E. and Sukhbold, T. and Ugliano, M.",
    title = "{A two-parameter criterion for classifying the explodability of massive stars by the neutrino-driven mechanism}",
    eprint = "1503.07522",
    archivePrefix = "arXiv",
    primaryClass = "astro-ph.SR",
    doi = "10.3847/0004-637X/818/2/124",
    journal = "Astrophys. J.",
    volume = "818",
    number = "2",
    pages = "124",
    year = "2016"
}

@ARTICLE{Cyg-X3_Zd2012,
       author = {{Zdziarski}, Andrzej A. and {Maitra}, Chandreyee and {Frankowski}, Adam and {Skinner}, Gerald K. and {Misra}, Ranjeev},
        title = "{Energy-dependent orbital modulation of X-rays and constraints on emission of the jet in Cyg X-3}",
      journal = {\mnras},
     keywords = {radiation mechanisms: non-thermal, binaries: general, stars: individual: Cyg X-3, stars: winds, outflows, gamma rays: stars, X-rays: binaries, Astrophysics - High Energy Astrophysical Phenomena},
         year = 2012,
        month = oct,
       volume = {426},
       number = {2},
        pages = {1031-1042},
          doi = {10.1111/j.1365-2966.2012.21635.x},
archivePrefix = {arXiv},
       eprint = {1205.4402},
 primaryClass = {astro-ph.HE},
       adsurl = {https://ui.adsabs.harvard.edu/abs/2012MNRAS.426.1031Z},
      adsnote = {Provided by the SAO/NASA Astrophysics Data System}
}

@ARTICLE{Cyg-X3_Zd2013,
       author = {{Zdziarski}, A. A. and {Mikolajewska}, J. and {Belczynski}, K.},
        title = "{Cyg X-3: a low-mass black hole or a neutron star.}",
      journal = {\mnras},
     keywords = {binaries: close, stars: individual: Cyg X-3, stars: winds, outflows, stars: Wolf-Rayet, X-rays: binaries, Astrophysics - High Energy Astrophysical Phenomena, Astrophysics - Solar and Stellar Astrophysics},
         year = 2013,
        month = feb,
       volume = {429},
        pages = {L104-L108},
          doi = {10.1093/mnrasl/sls035},
archivePrefix = {arXiv},
       eprint = {1208.5455},
 primaryClass = {astro-ph.HE},
       adsurl = {https://ui.adsabs.harvard.edu/abs/2013MNRAS.429L.104Z},
      adsnote = {Provided by the SAO/NASA Astrophysics Data System}
}

@article{NGC300X-1_Crowther2010,
    author = {Crowther, P. A. and Barnard, R. and Carpano, S. and Clark, J. S. and Dhillon, V. S. and Pollock, A. M. T.},
    title = "{NGC 300 X-1 is a Wolf-Rayet/black hole binary}",
    journal = {Monthly Notices of the Royal Astronomical Society: Letters},
    volume = {403},
    number = {1},
    pages = {L41-L45},
    year = {2010},
    month = {03},
    issn = {1745-3925},
    doi = {10.1111/j.1745-3933.2010.00811.x},
    url = {https://doi.org/10.1111/j.1745-3933.2010.00811.x},
    eprint = {https://academic.oup.com/mnrasl/article-pdf/403/1/L41/4011379/403-1-L41.pdf},
}

@article{NGC4490cand_Esposito2013c,
    author = {Esposito, P. and Israel, G. L. and Sidoli, L. and Mapelli, M. and Zampieri, L. and Motta, S. E.},
    title = "{Discovery of a 6.4 h black hole binary in NGC 4490}",
    journal = {Monthly Notices of the Royal Astronomical Society},
    volume = {436},
    number = {4},
    pages = {3380-3387},
    year = {2013},
    month = {10},
    issn = {0035-8711},
    doi = {10.1093/mnras/stt1819},
    url = {https://doi.org/10.1093/mnras/stt1819},
    eprint = {https://academic.oup.com/mnras/article-pdf/436/4/3380/3095811/stt1819.pdf},
}

@article{IC10X-1_Prestwich2007,
	doi = {10.1086/523755},
	url = {https://doi.org/10.1086/523755},
	year = 2007,
	month = {oct},
	publisher = {American Astronomical Society},
	volume = {669},
	number = {1},
	pages = {L21--L24},
	author = {A. H. Prestwich and R. Kilgard and P. A Crowther and S. Carpano and A. M. T. Pollock and A. Zezas and S. H. Saar and T. P. Roberts and M. J. Ward},
	title = {The Orbital Period of the Wolf-Rayet Binary IC 10 X-1: Dynamic Evidence that the Compact Object Is a Black Hole},
	journal = {The Astrophysical Journal}
}

@article{IC10X-1_Silverman2008,
	doi = {10.1086/588096},
	url = {https://doi.org/10.1086/588096},
	year = 2008,
	month = {4},
	publisher = {American Astronomical Society},
	volume = {678},
	number = {1},
	pages = {L17--L20},
	author = {Jeffrey M. Silverman and Alexei V. Filippenko},
	title = {On IC 10 X-1, the Most Massive Known Stellar-Mass Black Hole},
	journal = {The Astrophysical Journal}
}


@ARTICLE{NGC300X-1_Carpano2007a,
       author = {{Carpano}, S. and {Pollock}, A. M. T. and {Wilms}, J. and {Ehle}, M. and {Schirmer}, M.},
        title = "{A Wolf-Rayet/black-hole X-ray binary candidate in NGC 300}",
      journal = {\aap},
     keywords = {galaxies: individual: NGC 300, X-rays: binaries, stars: Wolf-Rayet, Astrophysics},
         year = 2007,
        month = jan,
       volume = {461},
       number = {1},
        pages = {L9-L12},
          doi = {10.1051/0004-6361:20066527},
archivePrefix = {arXiv},
       eprint = {astro-ph/0611424},
 primaryClass = {astro-ph},
       adsurl = {https://ui.adsabs.harvard.edu/abs/2007A&A...461L...9C},
      adsnote = {Provided by the SAO/NASA Astrophysics Data System}
}

@ARTICLE{NGC300X-1_Carpano2007b,
       author = {{Carpano}, S. and {Pollock}, A. M. T. and {Prestwich}, A. and {Crowther}, P. and {Wilms}, J. and {Yungelson}, L. and {Ehle}, M.},
        title = "{A 33 hour period for the Wolf-Rayet/black hole X-ray binary candidate NGC 300 X-1}",
      journal = {\aap},
     keywords = {X-rays: individuals: NGC 300 X-1, X-rays: binaries, stars: Wolf-Rayet, Astrophysics},
         year = 2007,
        month = may,
       volume = {466},
       number = {2},
        pages = {L17-L20},
          doi = {10.1051/0004-6361:20077363},
archivePrefix = {arXiv},
       eprint = {astro-ph/0703270},
 primaryClass = {astro-ph},
       adsurl = {https://ui.adsabs.harvard.edu/abs/2007A&A...466L..17C},
      adsnote = {Provided by the SAO/NASA Astrophysics Data System}
}

@ARTICLE{NGC253cand_Maccarone2014,
       author = {{Maccarone}, Thomas J. and {Lehmer}, Bret D. and {Leyder}, J. C. and {Antoniou}, Vallia and {Hornschemeier}, Ann and {Ptak}, Andrew and {Wik}, Daniel and {Zezas}, Andreas},
        title = "{A new candidate Wolf-Rayet X-ray binary in NGC 253}",
      journal = {\mnras},
     keywords = {stars: Wolf-Rayet, galaxies: individual: NGC 253, galaxies: starburst, X-rays: binaries, Astrophysics - High Energy Astrophysical Phenomena},
         year = 2014,
        month = apr,
       volume = {439},
       number = {3},
        pages = {3064-3072},
          doi = {10.1093/mnras/stu167},
archivePrefix = {arXiv},
       eprint = {1401.5425},
 primaryClass = {astro-ph.HE},
       adsurl = {https://ui.adsabs.harvard.edu/abs/2014MNRAS.439.3064M},
      adsnote = {Provided by the SAO/NASA Astrophysics Data System}
}

@ARTICLE{M101ULX-1_Liu2013,
       author = {{Liu}, Ji-Feng and {Bregman}, Joel N. and {Bai}, Yu and {Justham}, Stephen and {Crowther}, Paul},
        title = "{Puzzling accretion onto a black hole in the ultraluminous X-ray source M 101 ULX-1}",
      journal = {\nat},
     keywords = {Astrophysics - High Energy Astrophysical Phenomena},
         year = 2013,
        month = nov,
       volume = {503},
       number = {7477},
        pages = {500-503},
          doi = {10.1038/nature12762},
archivePrefix = {arXiv},
       eprint = {1312.0337},
 primaryClass = {astro-ph.HE},
       adsurl = {https://ui.adsabs.harvard.edu/abs/2013Natur.503..500L},
      adsnote = {Provided by the SAO/NASA Astrophysics Data System}
}

@article{CygX-3_Shrader2010,
	doi = {10.1088/0004-637x/718/1/488},
	url = {https://doi.org/10.1088/0004-637x/718/1/488},
	year = 2010,
	month = {jul},
	publisher = {American Astronomical Society},
	volume = {718},
	number = {1},
	pages = {488--493},
	author = {Chris R. Shrader and Lev Titarchuk and Nikolai Shaposhnikov},
	title = {NEW EVIDENCE FOR A BLACK HOLE IN THE COMPACT BINARY CYGNUS X-3},
	journal = {The Astrophysical Journal}
}

@ARTICLE{WR_signature,
       author = {{Crowther}, Paul A.},
        title = "{Physical Properties of Wolf-Rayet Stars}",
      journal = {\araa},
     keywords = {Astrophysics},
         year = 2007,
        month = sep,
       volume = {45},
       number = {1},
        pages = {177-219},
          doi = {10.1146/annurev.astro.45.051806.110615},
archivePrefix = {arXiv},
       eprint = {astro-ph/0610356},
 primaryClass = {astro-ph},
       adsurl = {https://ui.adsabs.harvard.edu/abs/2007ARA&A..45..177C},
      adsnote = {Provided by the SAO/NASA Astrophysics Data System}
}

@article{WR_massrelation,
  title={Basic relations between physical parameters of Wolf-Rayet stars},
  author={Schaerer, Daniel and Maeder, Andr{\'e}},
  journal={Astronomy and Astrophysics},
  volume={263},
  pages={129--136},
  year={1992}
}


@article{observationsZSFR_Mapelli2010a,
  title={Ultra-luminous X-ray sources and remnants of massive metal-poor stars},
  author={Mapelli, M and Ripamonti, E and Zampieri, L and Colpi, M and Bressan, A},
  journal={Monthly Notices of the Royal Astronomical Society},
  volume={408},
  number={1},
  pages={234--253},
  year={2010},
  publisher={Blackwell Publishing Ltd Oxford, UK}
}

@article{Peters1964,
  title={Gravitational radiation and the motion of two point masses},
  author={Peters, Philip Carl},
  journal={Physical Review},
  volume={136},
  number={4B},
  pages={B1224},
  year={1964},
  publisher={APS}
}

@article{observedWRBHmergers_Bulik2011,
  title={IC10 X-1/NGC300 X-1: The very immediate progenitors of BH-BH binaries},
  author={Bulik, Tomasz and Belczynski, Krzysztof and Prestwich, Andrea},
  journal={The Astrophysical Journal},
  volume={730},
  number={2},
  pages={140},
  year={2011},
  publisher={IOP Publishing}
}

@article{Belczynski2013_CygX-3fate,
  title={Cyg X-3: a galactic double black hole or black-hole-neutron-star progenitor},
  author={Belczynski, Krzysztof and Bulik, Tomasz and Mandel, Ilya and Sathyaprakash, Bangalore Suryanarayana and Zdziarski, Andrzej A and Mikolajewska, Joanna},
  journal={The Astrophysical Journal},
  volume={764},
  number={1},
  pages={96},
  year={2013},
  publisher={IOP Publishing}
}

@article{massgap_Bailyn1998,
  title={The mass distribution of stellar black holes},
  author={Bailyn, Charles D and Jain, Raj K and Coppi, Paolo and Orosz, Jerome A},
  journal={The Astrophysical Journal},
  volume={499},
  number={1},
  pages={367},
  year={1998},
  publisher={IOP Publishing}
}

@article{massgapreal_ozel2010,
  title={The black hole mass distribution in the galaxy},
  author={{\"O}zel, Feryal and Psaltis, Dimitrios and Narayan, Ramesh and McClintock, Jeffrey E},
  journal={The Astrophysical Journal},
  volume={725},
  number={2},
  pages={1918},
  year={2010},
  publisher={IOP Publishing}
}

@ARTICLE{NSmaxmass_1996,
       author = {{Kalogera}, Vassiliki and {Baym}, Gordon},
        title = "{The Maximum Mass of a Neutron Star}",
      journal = {\apjl},
     keywords = {DENSE MATTER, STARS: NEUTRON, Astrophysics},
         year = 1996,
        month = oct,
       volume = {470},
        pages = {L61},
          doi = {10.1086/310296},
archivePrefix = {arXiv},
       eprint = {astro-ph/9608059},
 primaryClass = {astro-ph},
       adsurl = {https://ui.adsabs.harvard.edu/abs/1996ApJ...470L..61K},
      adsnote = {Provided by the SAO/NASA Astrophysics Data System}
}

@ARTICLE{NSmaxmass_2018observed,
       author = {{Alsing}, Justin and {Silva}, Hector O. and {Berti}, Emanuele},
        title = "{Evidence for a maximum mass cut-off in the neutron star mass distribution and constraints on the equation of state}",
      journal = {\mnras},
     keywords = {equation of state, stars: neutron, Astrophysics - High Energy Astrophysical Phenomena, General Relativity and Quantum Cosmology, Nuclear Theory},
         year = 2018,
        month = jul,
       volume = {478},
       number = {1},
        pages = {1377-1391},
          doi = {10.1093/mnras/sty1065},
archivePrefix = {arXiv},
       eprint = {1709.07889},
 primaryClass = {astro-ph.HE},
       adsurl = {https://ui.adsabs.harvard.edu/abs/2018MNRAS.478.1377A},
      adsnote = {Provided by the SAO/NASA Astrophysics Data System}
}

@article{CGX-1_Weisskopf2004,
  title={On the nature of the bright short-period X-ray source in the Circinus galaxy field},
  author={Weisskopf, Martin C and Wu, Kinwah and Tennant, Allyn F and Swartz, Douglas A and Ghosh, Kajal K},
  journal={The Astrophysical Journal},
  volume={605},
  number={1},
  pages={360},
  year={2004},
  publisher={IOP Publishing}
}

@ARTICLE{CygX-3_WRnature1996,
       author = {{van Kerkwijk}, M. H. and {Geballe}, T. R. and {King}, D. L. and {van der Klis}, M. and {van Paradijs}, J.},
        title = "{The Wolf-Rayet counterpart of Cygnus X-3.}",
      journal = {\aap},
     keywords = {STARS: INDIVIDUAL: CYGNUS X-3, STARS: WOLF-RAYET, X-RAYS: STARS, Astrophysics},
         year = 1996,
        month = oct,
       volume = {314},
        pages = {521-540},
archivePrefix = {arXiv},
       eprint = {astro-ph/9604100},
 primaryClass = {astro-ph},
       adsurl = {https://ui.adsabs.harvard.edu/abs/1996A&A...314..521V},
      adsnote = {Provided by the SAO/NASA Astrophysics Data System}
}

@article{Hertz1978_Xlightcurves,
  title={X-ray transfer in binary systems-A Monte Carlo study},
  author={Hertz, P and Joss, PC and Rappaport, S},
  journal={The Astrophysical Journal},
  volume={224},
  pages={614--624},
  year={1978}
}

@article{CygX-3_Zd2010_wind,
  title={Compton scattering as the explanation of the peculiar X-ray properties of Cyg X-3},
  author={Zdziarski, Andrzej A and Misra, Ranjeev and Gierlinski, Marek},
  journal={Monthly Notices of the Royal Astronomical Society},
  volume={402},
  number={2},
  pages={767--775},
  year={2010},
  publisher={Blackwell Publishing Ltd Oxford, UK}
}

@article{Sana2012,
  title={Binary interaction dominates the evolution of massive stars},
  author={Sana, Hugues and De Mink, SE and de Koter, Alex and Langer, N and Evans, CJ and Gieles, M and Gosset, Eric and Izzard, RG and Le Bouquin, J-B and Schneider, FRN},
  journal={Science},
  volume={337},
  number={6093},
  pages={444--446},
  year={2012},
  publisher={American Association for the Advancement of Science}
}

@article{Kroupa2001,
  title={On the variation of the initial mass function},
  author={Kroupa, Pavel},
  journal={Monthly Notices of the Royal Astronomical Society},
  volume={322},
  number={2},
  pages={231--246},
  year={2001},
  publisher={Blackwell Science Ltd Oxford, UK}
}

@article{MoeDiStefano2017,
  title={Mind your Ps and Qs: the interrelation between period (P) and mass-ratio (Q) distributions of binary stars},
  author={Moe, Maxwell and Di Stefano, Rosanne},
  journal={The Astrophysical Journal Supplement Series},
  volume={230},
  number={2},
  pages={15},
  year={2017},
  publisher={IOP Publishing}
}

@article{HDlimit1979,
  title={Studies of luminous stars in nearby galaxies. III-Comments on the evolution of the most massive stars in the Milky Way and the Large Magellanic Cloud},
  author={Humphreys, Roberta M and Davidson, K},
  journal={The Astrophysical Journal},
  volume={232},
  pages={409--420},
  year={1979}
}

@article{Vink2001,
  title={Mass-loss predictions for O and B stars as a function of metallicity},
  author={Vink, Jorick S and de Koter, Alex and Lamers, HJGLM},
  journal={Astronomy \& Astrophysics},
  volume={369},
  number={2},
  pages={574--588},
  year={2001},
  publisher={EDP Sciences}
}

@ARTICLE{ICX10X-1_Laycock2015_revisited,
       author = {{Laycock}, Silas G. T. and {Maccarone}, Thomas J. and {Christodoulou}, Dimitris M.},
        title = "{Revisiting the dynamical case for a massive black hole in IC10 X-1}",
      journal = {\mnras},
     keywords = {accretion, accretion discs, black hole physics, circumstellar matter, stars: neutron, X-rays: binaries, Astrophysics - High Energy Astrophysical Phenomena},
         year = 2015,
        month = sep,
       volume = {452},
       number = {1},
        pages = {L31-L35},
          doi = {10.1093/mnrasl/slv082},
archivePrefix = {arXiv},
       eprint = {1506.03882},
 primaryClass = {astro-ph.HE},
       adsurl = {https://ui.adsabs.harvard.edu/abs/2015MNRAS.452L..31L},
      adsnote = {Provided by the SAO/NASA Astrophysics Data System}
}

@ARTICLE{Tutukov2013_WRBHreview,
       author = {{Tutukov}, A. V. and {Fedorova}, A. V. and {Cherepashchuk}, A. M.},
        title = "{Wolf-Rayet stars with relativistic companions}",
      journal = {Astronomy Reports},
         year = 2013,
        month = sep,
       volume = {57},
       number = {9},
        pages = {657-668},
          doi = {10.1134/S1063772913090084},
       adsurl = {https://ui.adsabs.harvard.edu/abs/2013ARep...57..657T},
      adsnote = {Provided by the SAO/NASA Astrophysics Data System}
}

@ARTICLE{Clayes2014_lambdaCE,
       author = {{Claeys}, J. S. W. and {Pols}, O. R. and {Izzard}, R. G. and {Vink}, J. and {Verbunt}, F. W. M.},
        title = "{Theoretical uncertainties of the Type Ia supernova rate}",
      journal = {\aap},
     keywords = {binaries: general, stars: evolution, supernovae: general, Astrophysics - Solar and Stellar Astrophysics},
         year = 2014,
        month = mar,
       volume = {563},
          eid = {A83},
        pages = {A83},
          doi = {10.1051/0004-6361/201322714},
archivePrefix = {arXiv},
       eprint = {1401.2895},
 primaryClass = {astro-ph.SR},
       adsurl = {https://ui.adsabs.harvard.edu/abs/2014A&A...563A..83C},
      adsnote = {Provided by the SAO/NASA Astrophysics Data System}
}

@ARTICLE{Nugis2000_WRwinds,
       author = {{Nugis}, T. and {Lamers}, H. J. G. L. M.},
        title = "{Mass-loss rates of Wolf-Rayet stars as a function of stellar parameters}",
      journal = {\aap},
     keywords = {STARS: ATMOSPHERES, STARS: MASS-LOSS, STARS: EMISSION-LINE, BE, STARS: EVOLUTION, STARS: WOLF-RAYET},
         year = 2000,
        month = aug,
       volume = {360},
        pages = {227-244},
       adsurl = {https://ui.adsabs.harvard.edu/abs/2000A&A...360..227N},
      adsnote = {Provided by the SAO/NASA Astrophysics Data System}
}

@article{NGC300X-1_Binder2021_BHpreciso,
  title={The Wolf--Rayet+ Black Hole Binary NGC 300 X-1: What is the Mass of the Black Hole?},
  author={Binder, Breanna A and Sy, Janelle M and Eracleous, Michael and Christodoulou, Dimitris M and Bhattacharya, Sayantan and Cappallo, Rigel and Laycock, Silas and Plucinsky, Paul P and Williams, Benjamin F},
  journal={The Astrophysical Journal},
  volume={910},
  number={1},
  pages={74},
  year={2021},
  publisher={IOP Publishing}
}

@ARTICLE{IC10X-1_Clark2004_WRmass,
       author = {{Clark}, J. S. and {Crowther}, P. A.},
        title = "{On the Wolf-Rayet counterpart to IC 10 X-1}",
      journal = {\aap},
     keywords = {galaxies: individual: IC 10, stars: Wolf Rayet, X-rays: binaries},
         year = 2004,
        month = jan,
       volume = {414},
        pages = {L45-L48},
          doi = {10.1051/0004-6361:20031762},
       adsurl = {https://ui.adsabs.harvard.edu/abs/2004A&A...414L..45C},
      adsnote = {Provided by the SAO/NASA Astrophysics Data System}
}

@ARTICLE{Hobbs2005,
       author = {{Hobbs}, G. and {Lorimer}, D. R. and {Lyne}, A. G. and {Kramer}, M.},
        title = "{A statistical study of 233 pulsar proper motions}",
      journal = {\mnras},
     keywords = {stars: kinematics, pulsars: general, Astrophysics},
         year = 2005,
        month = jul,
       volume = {360},
       number = {3},
        pages = {974-992},
          doi = {10.1111/j.1365-2966.2005.09087.x},
archivePrefix = {arXiv},
       eprint = {astro-ph/0504584},
 primaryClass = {astro-ph},
       adsurl = {https://ui.adsabs.harvard.edu/abs/2005MNRAS.360..974H},
      adsnote = {Provided by the SAO/NASA Astrophysics Data System}
}

@article{BondiHoyle1944,
  title={On the mechanism of accretion by stars},
  author={Bondi, Hermann and Hoyle, Fred},
  journal={Monthly Notices of the Royal Astronomical Society},
  volume={104},
  number={5},
  pages={273--282},
  year={1944},
  publisher={Oxford Academic}
}


@ARTICLE{Hurley2002,
       author = {{Hurley}, Jarrod R. and {Tout}, Christopher A. and {Pols}, Onno R.},
        title = "{Evolution of binary stars and the effect of tides on binary populations}",
      journal = {\mnras},
     keywords = {METHODS: ANALYTICAL, METHODS: STATISTICAL, BINARIES: GENERAL, STARS: EVOLUTION, STARS: VARIABLES: OTHER, GALAXIES: STELLAR CONTENT, Astrophysics},
         year = 2002,
        month = feb,
       volume = {329},
       number = {4},
        pages = {897-928},
          doi = {10.1046/j.1365-8711.2002.05038.x},
archivePrefix = {arXiv},
       eprint = {astro-ph/0201220},
 primaryClass = {astro-ph},
       adsurl = {https://ui.adsabs.harvard.edu/abs/2002MNRAS.329..897H},
      adsnote = {Provided by the SAO/NASA Astrophysics Data System}
}

@ARTICLE{Eggleton1983,
       author = {{Eggleton}, P. P.},
        title = "{Aproximations to the radii of Roche lobes.}",
      journal = {\apj},
     keywords = {Binary Stars, Celestial Mechanics, Orbital Elements, Roche Limit, Mass Ratios, Radii, Astrophysics},
         year = 1983,
        month = may,
       volume = {268},
        pages = {368-369},
          doi = {10.1086/160960},
       adsurl = {https://ui.adsabs.harvard.edu/abs/1983ApJ...268..368E},
      adsnote = {Provided by the SAO/NASA Astrophysics Data System}
}

@INBOOK{Webbink1985,
       author = {{Webbink}, R. F.},
        title = "{Stellar evolution and binaries}",
    booktitle = {Interacting Binary Stars},
         year = 1985,
       editor = {{Pringle}, J. E. and {Wade}, R. A.},
        pages = {39},
       adsurl = {https://ui.adsabs.harvard.edu/abs/1985ibs..book...39W},
      adsnote = {Provided by the SAO/NASA Astrophysics Data System}
}

@ARTICLE{Webbink1984_CE,
       author = {{Webbink}, R. F.},
        title = "{Double white dwarfs as progenitors of R Coronae Borealis stars and type I supernovae.}",
      journal = {\apj},
     keywords = {Binary Stars, Corona Borealis Constellation, R Coronae Borealis Stars, Stellar Evolution, Supernovae, White Dwarf Stars, B Stars, Carbon Stars, Chandrasekhar Equation, O Stars, Stellar Mass Accretion, Stellar Mass Ejection, Astrophysics},
         year = 1984,
        month = feb,
       volume = {277},
        pages = {355-360},
          doi = {10.1086/161701},
       adsurl = {https://ui.adsabs.harvard.edu/abs/1984ApJ...277..355W},
      adsnote = {Provided by the SAO/NASA Astrophysics Data System}
}


@ARTICLE{hjellmingwebbink1987_coreRLOF,
       author = {{Hjellming}, Michael S. and {Webbink}, Ronald F.},
        title = "{Thresholds for Rapid Mass Transfer in Binary System. I. Polytropic Models}",
      journal = {\apj},
     keywords = {Binary Stars, Mass Transfer, Polytropic Processes, Stellar Mass Ejection, Stellar Models, Adiabatic Conditions, Main Sequence Stars, Stellar Envelopes, Stellar Evolution, Stellar Mass Accretion, Tables (Data), Astrophysics, STARS: BINARIES, STARS: MASS LOSS},
         year = 1987,
        month = jul,
       volume = {318},
        pages = {794},
          %doi = {10.1086/165412},
       %adsurl = {https://ui.adsabs.harvard.edu/abs/1987ApJ...318..794H},
      %adsnote = {Provided by the SAO/NASA Astrophysics Data System}
}


@article{CygX-3_Singh2002,
  title={New measurements of orbital period change in Cygnus X-3},
  author={Singh, NS and Naik, S and Paul, Biswajit and Agrawal, PC and Rao, AR and Singh, KY},
  journal={Astronomy \& Astrophysics},
  volume={392},
  number={1},
  pages={161--167},
  year={2002},
  publisher={EDP Sciences}
}


@ARTICLE{Dosopoulou2016,
       author = {{Dosopoulou}, Fani and {Kalogera}, Vicky},
        title = "{Orbital Evolution of Mass-transferring Eccentric Binary Systems. I. Phase-dependent Evolution}",
      journal = {\apj},
     keywords = {binaries: close, binaries: general, planets and satellites: dynamical evolution and stability, stars: kinematics and dynamics, stars: mass-loss, X-rays: binaries, Astrophysics - Solar and Stellar Astrophysics},
         year = 2016,
        month = jul,
       volume = {825},
       number = {1},
          eid = {70},
        pages = {70},
          doi = {10.3847/0004-637X/825/1/70},
archivePrefix = {arXiv},
       eprint = {1603.06592},
 primaryClass = {astro-ph.SR},
       adsurl = {https://ui.adsabs.harvard.edu/abs/2016ApJ...825...70D},
      adsnote = {Provided by the SAO/NASA Astrophysics Data System}
}


@ARTICLE{CygX-3_Koljonen2017,
       author = {{Koljonen}, K. I. I. and {Maccarone}, T. J.},
        title = "{Gemini/GNIRS infrared spectroscopy of the Wolf-Rayet stellar wind in Cygnus X-3}",
      journal = {\mnras},
     keywords = {Line: profiles, binaries: close, stars: winds, outflows, stars: individual: Cyg X-3, stars: Wolf-Rayet, infrared: stars, Astrophysics - High Energy Astrophysical Phenomena, Astrophysics - Solar and Stellar Astrophysics},
         year = 2017,
        month = dec,
       volume = {472},
       number = {2},
        pages = {2181-2195},
          doi = {10.1093/mnras/stx2106},
archivePrefix = {arXiv},
       eprint = {1708.04050},
 primaryClass = {astro-ph.HE},
       adsurl = {https://ui.adsabs.harvard.edu/abs/2017MNRAS.472.2181K},
      adsnote = {Provided by the SAO/NASA Astrophysics Data System}
}

@ARTICLE{CygX-3_Antokhin2022,
       author = {{Antokhin}, Igor I. and {Cherepashchuk}, Anatol M. and {Antokhina}, Eleonora A. and {Tatarnikov}, Andrey M.},
        title = "{Near-IR and X-Ray Variability of Cyg X-3: Evidence for a Compact IR Source and Complex Wind Structures}",
      journal = {\apj},
     keywords = {1806, 733, 162, 1108, 1613, 792, Astrophysics - High Energy Astrophysical Phenomena, Astrophysics - Solar and Stellar Astrophysics},
         year = 2022,
        month = feb,
       volume = {926},
       number = {2},
          eid = {123},
        pages = {123},
          doi = {10.3847/1538-4357/ac4047},
archivePrefix = {arXiv},
       eprint = {2112.04805},
 primaryClass = {astro-ph.HE},
       adsurl = {https://ui.adsabs.harvard.edu/abs/2022ApJ...926..123A},
      adsnote = {Provided by the SAO/NASA Astrophysics Data System}
}

@ARTICLE{CygX-3_Antokhin2019,
       author = {{Antokhin}, Igor I. and {Cherepashchuk}, Anatol M.},
        title = "{The Period Change of Cyg X-3}",
      journal = {\apj},
     keywords = {accretion, accretion disks, binaries: close, stars: individual: Cyg X-3, X-rays: binaries, Astrophysics - High Energy Astrophysical Phenomena, Astrophysics - Solar and Stellar Astrophysics},
         year = 2019,
        month = feb,
       volume = {871},
       number = {2},
          eid = {244},
        pages = {244},
          doi = {10.3847/1538-4357/aafb38},
archivePrefix = {arXiv},
       eprint = {1807.00817},
 primaryClass = {astro-ph.HE},
       adsurl = {https://ui.adsabs.harvard.edu/abs/2019ApJ...871..244A},
      adsnote = {Provided by the SAO/NASA Astrophysics Data System}
}



@ARTICLE{Fabry2022_overcontact,
       author = {{Fabry}, M. and {Marchant}, P. and {Sana}, H.},
        title = "{Modeling overcontact binaries, I. The effect of tidal deformation}",
      journal = {arXiv e-prints},
     keywords = {Astrophysics - Solar and Stellar Astrophysics},
         year = 2022,
        month = feb,
          eid = {arXiv:2202.08852},
        pages = {arXiv:2202.08852},
archivePrefix = {arXiv},
       eprint = {2202.08852},
 primaryClass = {astro-ph.SR},
       adsurl = {https://ui.adsabs.harvard.edu/abs/2022arXiv220208852F},
      adsnote = {Provided by the SAO/NASA Astrophysics Data System}
}


@ARTICLE{Hut1981,
       author = {{Hut}, P.},
        title = "{Tidal evolution in close binary systems.}",
      journal = {\aap},
     keywords = {Binary Stars, Celestial Mechanics, Stellar Evolution, Stellar Models, Tides, Two Body Problem, Angular Momentum, Companion Stars, Conservation Laws, Energy Dissipation, Equilibrium Equations, Gravitational Effects, Perturbation Theory, Stellar Rotation, Synchronism, X Ray Stars, Astrophysics},
         year = 1981,
        month = jun,
       volume = {99},
        pages = {126-140},
       adsurl = {https://ui.adsabs.harvard.edu/abs/1981A&A....99..126H},
      adsnote = {Provided by the SAO/NASA Astrophysics Data System}
}


@ARTICLE{SNkicksUnified_Giacobbo2020,
       author = {{Giacobbo}, Nicola and {Mapelli}, Michela},
        title = "{Revising Natal Kick Prescriptions in Population Synthesis Simulations}",
      journal = {\apj},
     keywords = {154, 1668, 162, 678, Astrophysics - High Energy Astrophysical Phenomena},
         year = 2020,
        month = mar,
       volume = {891},
       number = {2},
          eid = {141},
        pages = {141},
          doi = {10.3847/1538-4357/ab7335},
archivePrefix = {arXiv},
       eprint = {1909.06385},
 primaryClass = {astro-ph.HE},
       adsurl = {https://ui.adsabs.harvard.edu/abs/2020ApJ...891..141G},
      adsnote = {Provided by the SAO/NASA Astrophysics Data System}
}


@ARTICLE{Atri2019_kicks,
       author = {{Atri}, P. and {Miller-Jones}, J. C. A. and {Bahramian}, A. and {Plotkin}, R. M. and {Jonker}, P. G. and {Nelemans}, G. and {Maccarone}, T. J. and {Sivakoff}, G. R. and {Deller}, A. T. and {Chaty}, S. and {Torres}, M. A. P. and {Horiuchi}, S. and {McCallum}, J. and {Natusch}, T. and {Phillips}, C. J. and {Stevens}, J. and {Weston}, S.},
        title = "{Potential kick velocity distribution of black hole X-ray binaries and implications for natal kicks}",
      journal = {\mnras},
     keywords = {astrometry, parallaxes, proper motions, stars: kinematics and dynamics, X-rays: binaries, Astrophysics - High Energy Astrophysical Phenomena},
         year = 2019,
        month = nov,
       volume = {489},
       number = {3},
        pages = {3116-3134},
          doi = {10.1093/mnras/stz2335},
archivePrefix = {arXiv},
       eprint = {1908.07199},
 primaryClass = {astro-ph.HE},
       adsurl = {https://ui.adsabs.harvard.edu/abs/2019MNRAS.489.3116A},
      adsnote = {Provided by the SAO/NASA Astrophysics Data System}
}

@ARTICLE{MassGapStellarEvo_Costa2021,
       author = {{Costa}, Guglielmo and {Bressan}, Alessandro and {Mapelli}, Michela and {Marigo}, Paola and {Iorio}, Giuliano and {Spera}, Mario},
        title = "{Formation of GW190521 from stellar evolution: the impact of the hydrogen-rich envelope, dredge-up, and $^{12}$C({\ensuremath{\alpha}}, {\ensuremath{\gamma}})$^{16}$O rate on the pair-instability black hole mass gap}",
      journal = {\mnras},
     keywords = {convection, stars: black holes, stars: evolution, stars: interiors, stars: massive, stars: mass-loss, Astrophysics - Solar and Stellar Astrophysics},
         year = 2021,
        month = mar,
       volume = {501},
       number = {3},
        pages = {4514-4533},
          doi = {10.1093/mnras/staa3916},
archivePrefix = {arXiv},
       eprint = {2010.02242},
 primaryClass = {astro-ph.SR},
       adsurl = {https://ui.adsabs.harvard.edu/abs/2021MNRAS.501.4514C},
      adsnote = {Provided by the SAO/NASA Astrophysics Data System}
}


@ARTICLE{2022arXiv220409061O,
       author = {{Olejak}, Aleksandra and {Fryer}, Chris L. and {Belczynski}, Krzysztof and {Baibhav}, Vishal},
        title = "{The role of supernova convection for the lower mass gap and the isolated binary formation of gravitational wave sources}",
      journal = {arXiv e-prints},
     keywords = {Astrophysics - High Energy Astrophysical Phenomena},
         year = 2022,
        month = apr,
          eid = {arXiv:2204.09061},
        pages = {arXiv:2204.09061},
archivePrefix = {arXiv},
       eprint = {2204.09061},
 primaryClass = {astro-ph.HE},
       adsurl = {https://ui.adsabs.harvard.edu/abs/2022arXiv220409061O},
      adsnote = {Provided by the SAO/NASA Astrophysics Data System}
}

@ARTICLE{Vink2011,
       author = {{Vink}, Jorick S. and {Muijres}, L. E. and {Anthonisse}, B. and {de Koter}, A. and {Gr{\"a}fener}, G. and {Langer}, N.},
        title = "{Wind modelling of very massive stars up to 300 solar masses}",
      journal = {\aap},
     keywords = {stars: massive, supergiants, stars: winds, outflows, stars: Wolf-Rayet, stars: mass-loss, Astrophysics - Solar and Stellar Astrophysics, Astrophysics - Cosmology and Nongalactic Astrophysics, Astrophysics - Astrophysics of Galaxies, Astrophysics - High Energy Astrophysical Phenomena},
         year = 2011,
        month = jul,
       volume = {531},
          eid = {A132},
        pages = {A132},
          doi = {10.1051/0004-6361/201116614},
archivePrefix = {arXiv},
       eprint = {1105.0556},
 primaryClass = {astro-ph.SR},
       adsurl = {https://ui.adsabs.harvard.edu/abs/2011A&A...531A.132V},
      adsnote = {Provided by the SAO/NASA Astrophysics Data System}
}

@ARTICLE{deJager1988,
       author = {{de Jager}, C. and {Nieuwenhuijzen}, H. and {van der Hucht}, K. A.},
        title = "{Mass loss rates in the Hertzsprung-Russell diagram.}",
      journal = {\aaps},
     keywords = {Hertzsprung-Russell Diagram, O Stars, Planetary Nebulae, Stellar Luminosity, Stellar Mass Ejection, Wolf-Rayet Stars, B Stars, Carbon Stars, Computational Astrophysics, High Temperature, Hot Stars, Stellar Mass, Astrophysics},
         year = 1988,
        month = feb,
       volume = {72},
        pages = {259-289},
       adsurl = {https://ui.adsabs.harvard.edu/abs/1988A&AS...72..259D},
      adsnote = {Provided by the SAO/NASA Astrophysics Data System}
}


@ARTICLE{Belczynski2010_WRwindsSTARTRACK,
       author = {{Belczynski}, Krzysztof and {Bulik}, Tomasz and {Fryer}, Chris L. and {Ruiter}, Ashley and {Valsecchi}, Francesca and {Vink}, Jorick S. and {Hurley}, Jarrod R.},
        title = "{On the Maximum Mass of Stellar Black Holes}",
      journal = {\apj},
     keywords = {binaries: close, black hole physics, gravitational waves, stars: evolution, stars: neutron, Astrophysics - Solar and Stellar Astrophysics, Astrophysics - High Energy Astrophysical Phenomena},
         year = 2010,
        month = may,
       volume = {714},
       number = {2},
        pages = {1217-1226},
          doi = {10.1088/0004-637X/714/2/1217},
archivePrefix = {arXiv},
       eprint = {0904.2784},
 primaryClass = {astro-ph.SR},
       adsurl = {https://ui.adsabs.harvard.edu/abs/2010ApJ...714.1217B},
      adsnote = {Provided by the SAO/NASA Astrophysics Data System}
}


@article{CygX-3_McCollough2016_Observation,
  title={Cygnus X-3: Its little friend’s counterpart, the distance to Cygnus X-3, and outflows/jets},
  author={McCollough, ML and Corrales, Lia and Dunham, MM},
  journal={The Astrophysical Journal Letters},
  volume={830},
  number={2},
  pages={L36},
  year={2016},
  publisher={IOP Publishing}
}

@article{Wong2014_kicksWRBH,
  title={Understanding compact object formation and natal kicks. IV. The case of IC 10 X-1},
  author={Wong, Tsing-Wai and Valsecchi, Francesca and Ansari, Asna and Fragos, Tassos and Glebbeek, Evert and Kalogera, Vassiliki and McClintock, Jeffrey},
  journal={The Astrophysical Journal},
  volume={790},
  number={2},
  pages={119},
  year={2014},
  publisher={IOP Publishing}
}


@ARTICLE{MetallicityGradientMW2018Gaia,
       author = {{Lemasle}, B. and {Hajdu}, G. and {Kovtyukh}, V. and {Inno}, L. and {Grebel}, E. K. and {Catelan}, M. and {Bono}, G. and {Fran{\c{c}}ois}, P. and {Kniazev}, A. and {da Silva}, R. and {Storm}, J.},
        title = "{Milky Way metallicity gradient from Gaia DR2 F/1O double-mode Cepheids}",
      journal = {\aap},
     keywords = {stars: abundances, stars: distances, stars: variables: Cepheids, Galaxy: disk, Astrophysics - Solar and Stellar Astrophysics, Astrophysics - Astrophysics of Galaxies},
         year = 2018,
        month = oct,
       volume = {618},
          eid = {A160},
        pages = {A160},
          doi = {10.1051/0004-6361/201834050},
archivePrefix = {arXiv},
       eprint = {1809.07352},
 primaryClass = {astro-ph.SR},
       adsurl = {https://ui.adsabs.harvard.edu/abs/2018A&A...618A.160L},
      adsnote = {Provided by the SAO/NASA Astrophysics Data System}
}

@article{Woosley2020NSmass,
  title={The birth function for black holes and neutron stars in close binaries},
  author={Woosley, SE and Sukhbold, Tuguldur and Janka, H-T},
  journal={The Astrophysical Journal},
  volume={896},
  number={1},
  pages={56},
  year={2020},
  publisher={IOP Publishing}
}


@article{Grafener2011_M-L_WR,
  title={The Eddington factor as the key to understand the winds of the most massive stars-Evidence for a $\Gamma$-dependence of Wolf-Rayet type mass loss},
  author={Gr{\"a}fener, G and Vink, JS and de Koter, Alex and Langer, N},
  journal={Astronomy \& Astrophysics},
  volume={535},
  pages={A56},
  year={2011},
  publisher={EDP Sciences}
}

@article{GWTC-3_interpretation,
  title={The population of merging compact binaries inferred using gravitational waves through GWTC-3},
  author={LIGO Scientific Collaboration and Virgo Collaboration and KAGRA Scientific Collaboration and others},
  journal={arXiv preprint arXiv:2111.03634},
  year={2021}
}


@article{GWreview,
  title={An introduction to astrophysical observables in gravitational wave detections},
  author={Spurio, Maurizio},
  journal={arXiv preprint arXiv:1906.03643},
  year={2019}
}

@book{MaggioreGW,
  title={Gravitational waves: Volume 1: Theory and experiments},
  author={Maggiore, Michele},
  year={2007},
  publisher={OUP Oxford}
}


@article{HTpulsar2005GWdecay,
  title={Relativistic binary pulsar B1913+ 16: Thirty years of observations and analysis},
  author={Weisberg, Joel M and Taylor, Joseph H},
  journal={arXiv preprint astro-ph/0407149},
  year={2004}
}




@ARTICLE{HMXBHspins2022,
       author = {{Gallegos-Garcia}, Monica and {Fishbach}, Maya and {Kalogera}, Vicky and {Berry}, Christopher P L and {Doctor}, Zoheyr},
        title = "{Do high-spin high mass X-ray binaries contribute to the population of merging binary black holes?}",
      journal = {arXiv e-prints},
     keywords = {Astrophysics - High Energy Astrophysical Phenomena, Astrophysics - Solar and Stellar Astrophysics},
         year = 2022,
        month = jul,
          eid = {arXiv:2207.14290},
        pages = {arXiv:2207.14290},
archivePrefix = {arXiv},
       eprint = {2207.14290},
 primaryClass = {astro-ph.HE},
       adsurl = {https://ui.adsabs.harvard.edu/abs/2022arXiv220714290G},
      adsnote = {Provided by the SAO/NASA Astrophysics Data System}
}

@article{H0fromGW,
  title={A gravitational-wave measurement of the Hubble constant following the second observing run of Advanced LIGO and Virgo},
  author={{Abbott}, BP and Abbott, R and Abbott, TD and Abraham, S and Acernese, F and Ackley, K and Adams, C and Adhikari, RX and Adya, VB and Affeldt, Christoph and others},
  journal={The Astrophysical Journal},
  volume={909},
  number={2},
  pages={218},
  year={2021},
  publisher={IOP Publishing}
}


@article{GWTC-1,
  title={GWTC-1: a gravitational-wave transient catalog of compact binary mergers observed by LIGO and Virgo during the first and second observing runs},
  author={{Abbott}, BP and Abbott, Richard and Abbott, TDea and Abraham, S and Acernese, F and Ackley, K and Adams, C and Adhikari, RX and Adya, VB and Affeldt, Christoph and others},
  journal={Physical Review X},
  volume={9},
  number={3},
  pages={031040},
  year={2019},
  publisher={APS}
}


@ARTICLE{EThorizonsensitivity,
       author = {{Sathyaprakash}, Bangalore and {Belgacem}, Enis and {Bertacca}, Daniele and {Caprini}, Chiara and {Cusin}, Giulia and {Dirian}, Yves and {Fan}, Xilong and {Figueroa}, Daniel and {Foffa}, Stefano and {Hall}, Evan and {Harms}, Jan and {Maggiore}, Michele and {Mandic}, Vuk and {Matas}, Andrew and {Regimbau}, Tania and {Sakellariadou}, Mairi and {Thrane}, Eric},
        title = "{Cosmology and the early universe}",
      journal = {\baas},
     keywords = {Astrophysics - High Energy Astrophysical Phenomena, General Relativity and Quantum Cosmology, High Energy Physics - Theory},
         year = 2019,
        month = may,
       volume = {51},
       number = {3},
          eid = {248},
        pages = {248},
archivePrefix = {arXiv},
       eprint = {1903.09260},
 primaryClass = {astro-ph.HE},
       adsurl = {https://ui.adsabs.harvard.edu/abs/2019BAAS...51c.248S},
      adsnote = {Provided by the SAO/NASA Astrophysics Data System}
}

@ARTICLE{NSreview,
       author = {{Ozel}, Feryal and {Freire}, Paulo},
        title = "{Masses, Radii, and the Equation of State of Neutron Stars}",
      journal = {\araa},
     keywords = {Astrophysics - High Energy Astrophysical Phenomena, General Relativity and Quantum Cosmology, Nuclear Theory},
         year = 2016,
        month = sep,
       volume = {54},
        pages = {401-440},
          doi = {10.1146/annurev-astro-081915-023322},
archivePrefix = {arXiv},
       eprint = {1603.02698},
 primaryClass = {astro-ph.HE},
       adsurl = {https://ui.adsabs.harvard.edu/abs/2016ARA&A..54..401O},
      adsnote = {Provided by the SAO/NASA Astrophysics Data System}
}

@article{misalignedbinary,
  title={The BANANA project. V. Misaligned and precessing stellar rotation axes in CV Velorum},
  author={Albrecht, Simon and Winn, Joshua N and Torres, Guillermo and Fabrycky, Daniel C and Setiawan, Johny and Gillon, Michael and Jehin, Emmanuel and Triaud, Amaury and Queloz, Didier and Snellen, Ignas and others},
  journal={The Astrophysical Journal},
  volume={785},
  number={2},
  pages={83},
  year={2014},
  publisher={IOP Publishing}
}

@article{spinupBH_Bavera2020,
  title={The origin of spin in binary black holes-Predicting the distributions of the main observables of Advanced LIGO},
  author={Bavera, Simone S and Fragos, Tassos and Qin, Ying and Zapartas, Emmanouil and Neijssel, Coenraad J and Mandel, Ilya and Batta, Aldo and Gaebel, Sebastian M and Kimball, Chase and Stevenson, Simon},
  journal={Astronomy \& Astrophysics},
  volume={635},
  pages={A97},
  year={2020},
  publisher={EDP Sciences}
}


@article{spinBH_Qin2018,
  title={The spin of the second-born black hole in coalescing binary black holes},
  author={Qin, Y and Fragos, T and Meynet, G and Andrews, J and S{\o}rensen, M and Song, HF},
  journal={Astronomy \& Astrophysics},
  volume={616},
  pages={A28},
  year={2018},
  publisher={EDP Sciences}
}

@article{spinfastBH_Qin2019,
  title={On the origin of black hole spin in high-mass x-ray binaries},
  author={Qin, Ying and Marchant, Pablo and Fragos, Tassos and Meynet, Georges and Kalogera, Vicky},
  journal={The Astrophysical Journal Letters},
  volume={870},
  number={2},
  pages={L18},
  year={2019},
  publisher={IOP Publishing}
}


@article{BHnoninteracting_Giesers2018,
  title={A detached stellar-mass black hole candidate in the globular cluster NGC 3201},
  author={Giesers, Benjamin and Dreizler, Stefan and Husser, Tim-Oliver and Kamann, Sebastian and Anglada Escud{\'e}, Guillem and Brinchmann, Jarle and Carollo, C Marcella and Roth, Martin M and Weilbacher, Peter M and Wisotzki, Lutz},
  journal={Monthly Notices of the Royal Astronomical Society: Letters},
  volume={475},
  number={1},
  pages={L15--L19},
  year={2018},
  publisher={Oxford University Press}
}

@article{BHmicrolensing,
  title={A search for stellar-mass black holes via astrometric microlensing},
  author={Lu, JR and Sinukoff, E and Ofek, EO and Udalski, A and Kozlowski, S},
  journal={The Astrophysical Journal},
  volume={830},
  number={1},
  pages={41},
  year={2016},
  publisher={IOP Publishing}
}



@article{Xbinaries_massmeasure,
  title={Mass measurements of stellar and intermediate-mass black holes},
  author={Casares, Jorge and Jonker, Peter G},
  journal={Space Science Reviews},
  volume={183},
  number={1},
  pages={223--252},
  year={2014},
  publisher={Springer}
}

@article{Xbinaries_massfromXtiming,
  title={Determination of black hole mass in Cygnus X-1 by scaling of spectral index-QPO frequency correlation},
  author={Shaposhnikov, Nickolai and Titarchuk, Lev},
  journal={The Astrophysical Journal},
  volume={663},
  number={1},
  pages={445},
  year={2007},
  publisher={IOP Publishing}
}

@article{Xbinaries_qmeasure,
  title={The radial velocity curve and peculiar TiO distribution of the red secondary star in Z Chamaeleontis},
  author={Wade, Richard A and Horne, Keith},
  journal={The Astrophysical Journal},
  volume={324},
  pages={411--430},
  year={1988}
}

@article{Xbinaries_spinBHmeasure,
title = {The masses and spins of neutron stars and stellar-mass black holes},
journal = {Physics Reports},
volume = {548},
pages = {1-34},
year = {2015},
note = {The masses and spins of neutron stars and stellar-mass black holes},
issn = {0370-1573},
doi = {https://doi.org/10.1016/j.physrep.2014.09.003},
url = {https://www.sciencedirect.com/science/article/pii/S0370157314003160},
author = {M. Coleman Miller and Jon M. Miller},
keywords = {Accretion disks, Black holes, Gravitational waves, Neutron stars}
}


@ARTICLE{GSR1915_lowhardXstate,
       author = {{Fender}, Rob and {Belloni}, Tomaso},
        title = "{GRS 1915+105 and the Disc-Jet Coupling in Accreting Black Hole Systems}",
      journal = {\araa},
     keywords = {Astrophysics},
         year = 2004,
        month = sep,
       volume = {42},
       number = {1},
        pages = {317-364},
          doi = {10.1146/annurev.astro.42.053102.134031},
archivePrefix = {arXiv},
       eprint = {astro-ph/0406483},
 primaryClass = {astro-ph},
       adsurl = {https://ui.adsabs.harvard.edu/abs/2004ARA&A..42..317F},
      adsnote = {Provided by the SAO/NASA Astrophysics Data System}
}

@article{FeKalphaline_Fabian2000,
 ISSN = {00046280, 15383873},
 URL = {http://www.jstor.org/stable/10.1086/316610},
 author = {A. C. Fabian and K. Iwasawa and C. S. Reynolds and A. J. Young},
 journal = {Publications of the Astronomical Society of the Pacific},
 number = {775},
 pages = {1145--1161},
 publisher = {[The University of Chicago Press, Astronomical Society of the Pacific]},
 title = {Broad Iron Lines in Active Galactic Nuclei},
 urldate = {2022-08-03},
 volume = {112},
 year = {2000}
}


@article{spintiltmodel_Talbot2017,
  title={Determining the population properties of spinning black holes},
  author={Talbot, Colm and Thrane, Eric},
  journal={Physical Review D},
  volume={96},
  number={2},
  pages={023012},
  year={2017},
  publisher={APS}
}

@book{evostellare,
   title={An Introduction to the Theory of Stellar Structure and Evolution},
   author={Diana Prialnik},
   year={2000},
   publisher={Cambridge University Press},
}

@ARTICLE{GW190521_abbott2020,
       author = {{Abbott}, R. and others},
        title = "{GW190521: A Binary Black Hole Merger with a Total Mass of 150 M$_{{\ensuremath{\odot}}}$}",
      journal = {\prl},
     keywords = {General Relativity and Quantum Cosmology, Astrophysics - High Energy Astrophysical Phenomena},
         year = 2020,
        month = sep,
       volume = {125},
       number = {10},
          eid = {101102},
        pages = {101102},
          doi = {10.1103/PhysRevLett.125.101102},
archivePrefix = {arXiv},
       eprint = {2009.01075},
 primaryClass = {gr-qc},
       adsurl = {https://ui.adsabs.harvard.edu/abs/2020PhRvL.125j1102A},
      adsnote = {Provided by the SAO/NASA Astrophysics Data System}
}


@ARTICLE{BayesforGW,
       author = {{Thrane}, Eric and {Talbot}, Colm},
        title = "{An introduction to Bayesian inference in gravitational-wave astronomy: Parameter estimation, model selection, and hierarchical models}",
      journal = {\pasa},
     keywords = {methods: statistical, gravitational waves, stars: black holes, stars: neutron, Astrophysics - Instrumentation and Methods for Astrophysics},
         year = 2019,
        month = mar,
       volume = {36},
          eid = {e010},
        pages = {e010},
          doi = {10.1017/pasa.2019.2},
archivePrefix = {arXiv},
       eprint = {1809.02293},
 primaryClass = {astro-ph.IM},
       adsurl = {https://ui.adsabs.harvard.edu/abs/2019PASA...36...10T},
      adsnote = {Provided by the SAO/NASA Astrophysics Data System}
}

@ARTICLE{superEddingtonaccBH_Ambrosi2018,
       author = {{Ambrosi}, Elena and {Zampieri}, Luca},
        title = "{Modelling optical emission of ultraluminous X-ray sources accreting above the Eddington limit}",
      journal = {\mnras},
     keywords = {accretion, accretion discs, binaries: general, X-rays: binaries, X-rays: individual: NGC 1313 X-2, NGC 4559 X-7, Astrophysics - High Energy Astrophysical Phenomena},
         year = 2018,
        month = nov,
       volume = {480},
       number = {4},
        pages = {4918-4930},
          doi = {10.1093/mnras/sty2213},
archivePrefix = {arXiv},
       eprint = {1808.10640},
 primaryClass = {astro-ph.HE},
       adsurl = {https://ui.adsabs.harvard.edu/abs/2018MNRAS.480.4918A},
      adsnote = {Provided by the SAO/NASA Astrophysics Data System}
}


@ARTICLE{BHspinmisaligned_2022,
       author = {{Poutanen}, Juri and {Veledina}, Alexandra and {Berdyugin}, Andrei V. and {Berdyugina}, Svetlana V. and {Jermak}, Helen and {Jonker}, Peter G. and {Kajava}, Jari J.~E. and {Kosenkov}, Ilia A. and {Kravtsov}, Vadim and {Piirola}, Vilppu and {Shrestha}, Manisha and {Perez Torres}, Manuel A. and {Tsygankov}, Sergey S.},
        title = "{Black hole spin{\textendash}orbit misalignment in the x-ray binary MAXI J1820+070}",
      journal = {Science},
     keywords = {ASTRONOMY, Astrophysics - High Energy Astrophysical Phenomena, Astrophysics - Solar and Stellar Astrophysics},
         year = 2022,
        month = feb,
       volume = {375},
       number = {6583},
        pages = {874-876},
          doi = {10.1126/science.abl4679},
archivePrefix = {arXiv},
       eprint = {2109.07511},
 primaryClass = {astro-ph.HE},
       adsurl = {https://ui.adsabs.harvard.edu/abs/2022Sci...375..874P},
      adsnote = {Provided by the SAO/NASA Astrophysics Data System}
}


@ONLINE{binaries,
	author={{Pols}, Onno R.},
	title="{Lecture notes for a Utrecht University MSc course}",
	year={2011},
	url={https://www.astro.ru.nl/~onnop/education/binaries_utrecht_notes/Binaries_ch6-8.pdf}
}

@INBOOK{tauris_evo_binaria,
       author = {{Tauris}, T.~M. and {van den Heuvel}, E.~P.~J.},
        title = "{Formation and evolution of compact stellar X-ray sources}",
     keywords = {Stellar X-Ray Sources, Formation, Evolution, Astrophysics},
    booktitle = {Compact stellar X-ray sources},
         year = 2006,
       volume = {39},
        pages = {623-665},
       %adsurl = {https://ui.adsabs.harvard.edu/abs/2006csxs.book..623T},
      %adsnote = {Provided by the SAO/NASA Astrophysics Data System}
}


@article{marchant2021_masstransferMESA,
  title={The role of mass transfer and common envelope evolution in the formation of merging binary black holes},
  author={Marchant, Pablo and Pappas, Kaliro{\"e} MW and Gallegos-Garcia, Monica and Berry, Christopher PL and Taam, Ronald E and Kalogera, Vicky and Podsiadlowski, Philipp},
  journal={Astronomy \& Astrophysics},
  volume={650},
  pages={A107},
  year={2021},
  publisher={EDP Sciences}
}



@article{klencki2020_mtproblems,
  title={Massive donors in interacting binaries: effect of metallicity},
  author={Klencki, Jakub and Nelemans, Gijs and Istrate, Alina G and Pols, Onno},
  journal={Astronomy \& Astrophysics},
  volume={638},
  pages={A55},
  year={2020},
  publisher={EDP Sciences}
}

@article{schaerer1992MLrelationWR,
  title={Basic relations between physical parameters of Wolf-Rayet stars},
  author={Schaerer, Daniel and Maeder, Andr{\'e}},
  journal={Astronomy and Astrophysics},
  volume={263},
  pages={129--136},
  year={1992}
}


@ARTICLE{mapelli,
       author = {{Mapelli}, Michela},
        title = "{Astrophysics of stellar black holes}",
      journal = {arXiv e-prints},
     keywords = {Astrophysics - High Energy Astrophysical Phenomena, Astrophysics - Astrophysics of Galaxies, Astrophysics - Solar and Stellar Astrophysics},
         year = 2018,
        month = sep,
          %eid = {arXiv:1809.09130},
        %pages = {arXiv:1809.09130},
%archivePrefix = {arXiv},
       %eprint = {1809.09130},
 %primaryClass = {astro-ph.HE},
       %adsurl = {https://ui.adsabs.harvard.edu/abs/2018arXiv180909130M},
      %adsnote = {Provided by the SAO/NASA Astrophysics Data System}
}

@article{gallegos2021MESAvspopsynth,
  title={Binary Black Hole Formation with Detailed Modeling: Stable Mass Transfer Leads to Lower Merger Rates},
  author={Gallegos-Garcia, Monica and Berry, Christopher PL and Marchant, Pablo and Kalogera, Vicky},
  journal={The Astrophysical Journal},
  volume={922},
  number={2},
  pages={110},
  year={2021},
  publisher={IOP Publishing}
}


@article{breivik2020cosmicpopsynth,
  title={Cosmic variance in binary population synthesis},
  author={Breivik, Katelyn and Coughlin, Scott and Zevin, Michael and Rodriguez, Carl L and Kremer, Kyle and Claire, S Ye and Andrews, Jeff J and Kurkowski, Michael and Digman, Matthew C and Larson, Shane L and others},
  journal={The Astrophysical Journal},
  volume={898},
  number={1},
  pages={71},
  year={2020},
  publisher={IOP Publishing}
}


@article{MESA2015BinaryMT,
  title={Modules for experiments in stellar astrophysics (MESA): binaries, pulsations, and explosions},
  author={Paxton, Bill and Marchant, Pablo and Schwab, Josiah and Bauer, Evan B and Bildsten, Lars and Cantiello, Matteo and Dessart, Luc and Farmer, R and Hu, H and Langer, N and others},
  journal={The Astrophysical Journal Supplement Series},
  volume={220},
  number={1},
  pages={15},
  year={2015},
  publisher={IOP Publishing}
}


@article{laycock2015_IC10X1_measuredshift,
  title={Chandra and XMM monitoring of the black hole X-ray binary IC 10 X-1},
  author={Laycock, Silas GT and Cappallo, Rigel C and Moro, Matthew J},
  journal={Monthly Notices of the Royal Astronomical Society},
  volume={446},
  number={2},
  pages={1399--1410},
  year={2015},
  publisher={Oxford University Press}
}


@article{caffau2011solarmetallicity,
  title={Solar chemical abundances determined with a CO5BOLD 3D model atmosphere},
  author={Caffau, Elisabetta and Ludwig, H-G and Steffen, Matthias and Freytag, Bernd and Bonifacio, Piercarlo},
  journal={Solar Physics},
  volume={268},
  number={2},
  pages={255--269},
  year={2011},
  publisher={Springer}
}


@ONLINE{metallicityFeHconversion,
	author={{Wang}, Daniel},
	title="{Lecture notes for PhD course on stellar evolution at University of Massachusetts}",
	year={2008},
	url={https://people.umass.edu/wqd/astro640/ToO.pdf}
}



@ARTICLE{CygX-3_Hanson2000wrongspectrum,
       author = {{Hanson}, M.~M. and {Still}, M.~D. and {Fender}, R.~P.},
        title = "{Orbital Dynamics of Cygnus X-3}",
      journal = {\apj},
     keywords = {Stars: Binaries: Close, Stars: Circumstellar Matter, Infrared: Stars, Stars: Individual: Constellation Name: Cygnus X-3, Astrophysics},
         year = 2000,
        month = sep,
       volume = {541},
       number = {1},
        pages = {308-318},
          doi = {10.1086/309419},
archivePrefix = {arXiv},
       eprint = {astro-ph/0005032},
 primaryClass = {astro-ph},
       adsurl = {https://ui.adsabs.harvard.edu/abs/2000ApJ...541..308H},
      adsnote = {Provided by the SAO/NASA Astrophysics Data System}
}

@article{WRnonLTEatmospheresPoWR_Todt2015,
  title={Potsdam Wolf-Rayet model atmosphere grids for WN stars},
  author={Todt, Helge and Sander, Angelika and Hainich, Rainer and Hamann, W-R and Quade, Markus and Shenar, Tomer},
  journal={Astronomy \& Astrophysics},
  volume={579},
  pages={A75},
  year={2015},
  publisher={EDP Sciences}
}


@article{CygX-3_Lommen2005_Ppdot,
  title={Cygnus X-3 and the problem of the missing Wolf-Rayet X-ray binaries},
  author={Lommen, Dave and Yungelson, Lev and Van Den Heuvel, E and Nelemans, Gijs and Zwart, S Portegies},
  journal={Astronomy \& Astrophysics},
  volume={443},
  number={1},
  pages={231--241},
  year={2005},
  publisher={EDP Sciences}
}


@ARTICLE{IC10X-1?Steiner2016spinBH,
       author = {{Steiner}, James F. and {Walton}, Dominic J. and {Garc{\'\i}a}, Javier A. and {McClintock}, Jeffrey E. and {Laycock}, Silas G.~T. and {Middleton}, Matthew J. and {Barnard}, Robin and {Madsen}, Kristin K.},
        title = "{On the Spin of the Black Hole in IC 10 X-1}",
      journal = {\apj},
     keywords = {accretion, accretion disks, black hole physics, stars: individual: IC 10 X{\textendash}1, X-rays: binaries, Astrophysics - High Energy Astrophysical Phenomena},
         year = 2016,
        month = feb,
       volume = {817},
       number = {2},
          eid = {154},
        pages = {154},
          doi = {10.3847/0004-637X/817/2/154},
archivePrefix = {arXiv},
       eprint = {1512.03414},
 primaryClass = {astro-ph.HE},
       adsurl = {https://ui.adsabs.harvard.edu/abs/2016ApJ...817..154S},
      adsnote = {Provided by the SAO/NASA Astrophysics Data System}
}

@ARTICLE{parsec2022_Nguyenrotation,
       author = {{Nguyen}, C.~T. and {Costa}, G. and {Girardi}, L. and {Volpato}, G. and {Bressan}, A. and {Chen}, Y. and {Marigo}, P. and {Fu}, X. and {Goudfrooij}, P.},
        title = "{PARSEC V2.0: Stellar tracks and isochrones of low and intermediate mass stars with rotation}",
      journal = {arXiv e-prints},
     keywords = {Astrophysics - Solar and Stellar Astrophysics},
         year = 2022,
        month = jul,
          eid = {arXiv:2207.08642},
        pages = {arXiv:2207.08642},
archivePrefix = {arXiv},
       eprint = {2207.08642},
 primaryClass = {astro-ph.SR},
       adsurl = {https://ui.adsabs.harvard.edu/abs/2022arXiv220708642N},
      adsnote = {Provided by the SAO/NASA Astrophysics Data System}
}

@ARTICLE{MIST_Choi2016,
       author = {{Choi}, Jieun and {Dotter}, Aaron and {Conroy}, Charlie and {Cantiello}, Matteo and {Paxton}, Bill and {Johnson}, Benjamin D.},
        title = "{Mesa Isochrones and Stellar Tracks (MIST). I. Solar-scaled Models}",
      journal = {\apj},
     keywords = {stars: evolution, stars: general, stars: interiors, Astrophysics - Solar and Stellar Astrophysics},
         year = 2016,
        month = jun,
       volume = {823},
       number = {2},
          eid = {102},
        pages = {102},
          doi = {10.3847/0004-637X/823/2/102},
archivePrefix = {arXiv},
       eprint = {1604.08592},
 primaryClass = {astro-ph.SR},
       adsurl = {https://ui.adsabs.harvard.edu/abs/2016ApJ...823..102C},
      adsnote = {Provided by the SAO/NASA Astrophysics Data System}
}

@ARTICLE{Pols1998evotracks,
       author = {{Pols}, Onno R. and {Schr{\"o}der}, Klaus-Peter and {Hurley}, Jarrod R. and {Tout}, Christopher A. and {Eggleton}, Peter P.},
        title = "{Stellar evolution models for Z = 0.0001 to 0.03}",
      journal = {\mnras},
     keywords = {CONVECTION, STARS: EVOLUTION, HERTZSPRUNG-RUSSELL (HR) DIAGRAM, STARS: POPULATION II, OPEN CLUSTERS AND ASSOCIATIONS: GENERAL, GALAXIES: STELLAR CONTENT},
         year = 1998,
        month = aug,
       volume = {298},
       number = {2},
        pages = {525-536},
          doi = {10.1046/j.1365-8711.1998.01658.x},
       adsurl = {https://ui.adsabs.harvard.edu/abs/1998MNRAS.298..525P},
      adsnote = {Provided by the SAO/NASA Astrophysics Data System}
}

@ARTICLE{Limongi2018_rotatingCOcompactness,
       author = {{Limongi}, Marco and {Chieffi}, Alessandro},
        title = {Presupernova Evolution and Explosive Nucleosynthesis of Rotating Massive Stars in the Metallicity Range -3 {\ensuremath{\leq}} [Fe/H] {\ensuremath{\leq}} 0},
      journal = {\apjs},
     keywords = {stars: evolution, stars: interiors, stars: massive, stars: rotation, supernovae: general, Astrophysics - Solar and Stellar Astrophysics, Astrophysics - High Energy Astrophysical Phenomena},
         year = 2018,
        month = jul,
       volume = {237},
       number = {1},
          eid = {13},
        pages = {13},
          doi = {10.3847/1538-4365/aacb24},
archivePrefix = {arXiv},
       eprint = {1805.09640},
 primaryClass = {astro-ph.SR},
       adsurl = {https://ui.adsabs.harvard.edu/abs/2018ApJS..237...13L},
      adsnote = {Provided by the SAO/NASA Astrophysics Data System}
}

